<?xml version="1.0" encoding="UTF-8"?><collection xmlns="http://www.loc.gov/MARC21/slim"><record><leader>00644nam--2200193-u-4500</leader><controlfield tag="001">000053105</controlfield><controlfield tag="002">20161230</controlfield><controlfield tag="005">20161230201050</controlfield><controlfield tag="008">110105s1000------------r-----000-0-eng-d</controlfield><datafield ind1=" " ind2=" " tag="020"><subfield code="a">9810225555</subfield></datafield><datafield ind1=" " ind2=" " tag="040"><subfield code="a">IFIN-HH</subfield></datafield><datafield ind1=" " ind2=" " tag="080"><subfield code="a">539.14:539.142.2(063)</subfield></datafield><datafield ind1="1" ind2=" " tag="100"><subfield code="a">Ishihara, M</subfield></datafield><datafield ind1="1" ind2="0" tag="245"><subfield code="a">Frontiers of nuclear structure physics</subfield><subfield code="b">Proceedings of the internatinal symposium held in honor of akito arima, tokyo, japan, 2-5 march 1994</subfield><subfield code="c">M. ISHIHARA; T. OTSUKA; T. MIZUSAKI; K. YAZAKI (Eds.)</subfield></datafield><datafield ind1=" " ind2=" " tag="260"><subfield code="a">Singapore</subfield><subfield code="b">World Scientific</subfield><subfield code="c">1996</subfield></datafield><datafield ind1=" " ind2=" " tag="300"><subfield code="a">388P</subfield></datafield><datafield ind1="1" ind2=" " tag="700"><subfield code="a">Yazaki, K</subfield><subfield code="e">Ed</subfield></datafield><datafield ind1=" " ind2=" " tag="852"><subfield code="a">81582</subfield><subfield code="c">539</subfield></datafield><datafield ind1=" " ind2=" " tag="CAT"><subfield code="a">Sys</subfield><subfield code="c">20110105</subfield><subfield code="h">145318</subfield></datafield></record></collection>